%YAML 1.1
%TAG !u! tag:unity3d.com,2011:
--- !u!114 &5908384286481495776
MonoBehaviour:
  m_ObjectHideFlags: 0
  m_CorrespondingSourceObject: {fileID: 0}
  m_PrefabInstance: {fileID: 0}
  m_PrefabAsset: {fileID: 0}
  m_GameObject: {fileID: 5907950533435988932}
  m_Enabled: 1
  m_EditorHideFlags: 0
  m_Script: {fileID: -765806418, guid: f5f67c52d1564df4a8936ccd202a3bd8, type: 3}
  m_Name: 
  m_EditorClassIdentifier: 
  m_Material: {fileID: 0}
  m_Color: {r: 0.4811321, g: 0.4811321, b: 0.4811321, a: 1}
  m_RaycastTarget: 1
  m_OnCullStateChanged:
    m_PersistentCalls:
      m_Calls: []
  m_Sprite: {fileID: 0}
  m_Type: 0
  m_PreserveAspect: 0
  m_FillCenter: 1
  m_FillMethod: 4
  m_FillAmount: 1
  m_FillClockwise: 1
  m_FillOrigin: 0
  m_UseSpriteMesh: 0
--- !u!1 &8177423876695352819
GameObject:
  m_ObjectHideFlags: 0
  m_CorrespondingSourceObject: {fileID: 0}
  m_PrefabInstance: {fileID: 0}
  m_PrefabAsset: {fileID: 0}
  serializedVersion: 6
  m_Component:
  - component: {fileID: 8177423876695352823}
  - component: {fileID: 8177423876695352816}
  - component: {fileID: 8177423876695352817}
  - component: {fileID: 8177423876695352818}
  m_Layer: 5
  m_Name: F4
  m_TagString: Untagged
  m_Icon: {fileID: 0}
  m_NavMeshLayer: 0
  m_StaticEditorFlags: 0
  m_IsActive: 1
--- !u!224 &8177423876695352823
RectTransform:
  m_ObjectHideFlags: 0
  m_CorrespondingSourceObject: {fileID: 0}
  m_PrefabInstance: {fileID: 0}
  m_PrefabAsset: {fileID: 0}
  m_GameObject: {fileID: 8177423876695352819}
  m_LocalRotation: {x: -0, y: -0.86602545, z: -0, w: 0.49999994}
  m_LocalPosition: {x: 0, y: 0, z: 80.827}
  m_LocalScale: {x: 0.0023352474, y: 0.0033191342, z: 0}
  m_Children:
  - {fileID: 8177423877104732326}
  - {fileID: 8177423877915567419}
  - {fileID: 8177423877998342157}
  - {fileID: 5973183673348397758}
  m_Father: {fileID: 0}
  m_RootOrder: 0
  m_LocalEulerAnglesHint: {x: 0, y: -120, z: 0}
  m_AnchorMin: {x: 0, y: 0}
  m_AnchorMax: {x: 0, y: 0}
  m_AnchoredPosition: {x: 17.255, y: 20.112}
  m_SizeDelta: {x: 896, y: 306}
  m_Pivot: {x: 0.5, y: 0.5}
--- !u!223 &8177423876695352816
Canvas:
  m_ObjectHideFlags: 0
  m_CorrespondingSourceObject: {fileID: 0}
  m_PrefabInstance: {fileID: 0}
  m_PrefabAsset: {fileID: 0}
  m_GameObject: {fileID: 8177423876695352819}
  m_Enabled: 1
  serializedVersion: 3
  m_RenderMode: 2
  m_Camera: {fileID: 0}
  m_PlaneDistance: 20
  m_PixelPerfect: 1
  m_ReceivesEvents: 1
  m_OverrideSorting: 0
  m_OverridePixelPerfect: 0
  m_SortingBucketNormalizedSize: 0
  m_AdditionalShaderChannelsFlag: 25
  m_SortingLayerID: 0
  m_SortingOrder: 0
  m_TargetDisplay: 0
--- !u!114 &8177423876695352817
MonoBehaviour:
  m_ObjectHideFlags: 0
  m_CorrespondingSourceObject: {fileID: 0}
  m_PrefabInstance: {fileID: 0}
  m_PrefabAsset: {fileID: 0}
  m_GameObject: {fileID: 8177423876695352819}
  m_Enabled: 1
  m_EditorHideFlags: 0
  m_Script: {fileID: 1980459831, guid: f5f67c52d1564df4a8936ccd202a3bd8, type: 3}
  m_Name: 
  m_EditorClassIdentifier: 
  m_UiScaleMode: 0
  m_ReferencePixelsPerUnit: 100
  m_ScaleFactor: 1
  m_ReferenceResolution: {x: 800, y: 600}
  m_ScreenMatchMode: 0
  m_MatchWidthOrHeight: 0
  m_PhysicalUnit: 3
  m_FallbackScreenDPI: 96
  m_DefaultSpriteDPI: 96
  m_DynamicPixelsPerUnit: 1
--- !u!114 &8177423876695352818
MonoBehaviour:
  m_ObjectHideFlags: 0
  m_CorrespondingSourceObject: {fileID: 0}
  m_PrefabInstance: {fileID: 0}
  m_PrefabAsset: {fileID: 0}
  m_GameObject: {fileID: 8177423876695352819}
  m_Enabled: 1
  m_EditorHideFlags: 0
  m_Script: {fileID: 1301386320, guid: f5f67c52d1564df4a8936ccd202a3bd8, type: 3}
  m_Name: 
  m_EditorClassIdentifier: 
  m_IgnoreReversedGraphics: 1
  m_BlockingObjects: 0
  m_BlockingMask:
    serializedVersion: 2
    m_Bits: 4294967295
--- !u!1 &8177423877104732327
GameObject:
  m_ObjectHideFlags: 0
  m_CorrespondingSourceObject: {fileID: 0}
  m_PrefabInstance: {fileID: 0}
  m_PrefabAsset: {fileID: 0}
  serializedVersion: 6
  m_Component:
  - component: {fileID: 8177423877104732326}
  - component: {fileID: 8177423877104732324}
  - component: {fileID: 8177423877104732325}
  m_Layer: 5
  m_Name: Image
  m_TagString: Untagged
  m_Icon: {fileID: 0}
  m_NavMeshLayer: 0
  m_StaticEditorFlags: 0
  m_IsActive: 1
--- !u!224 &8177423877104732326
RectTransform:
  m_ObjectHideFlags: 0
  m_CorrespondingSourceObject: {fileID: 0}
  m_PrefabInstance: {fileID: 0}
  m_PrefabAsset: {fileID: 0}
  m_GameObject: {fileID: 8177423877104732327}
  m_LocalRotation: {x: 0, y: 0, z: 0, w: 1}
  m_LocalPosition: {x: 0, y: 0, z: 0}
  m_LocalScale: {x: 1, y: 1, z: 1}
  m_Children: []
  m_Father: {fileID: 8177423876695352823}
  m_RootOrder: 0
  m_LocalEulerAnglesHint: {x: 0, y: 0, z: 0}
  m_AnchorMin: {x: 0, y: 0}
  m_AnchorMax: {x: 1, y: 1}
  m_AnchoredPosition: {x: 0, y: 0}
  m_SizeDelta: {x: 0, y: 0}
  m_Pivot: {x: 0.5, y: 0.5}
--- !u!222 &8177423877104732324
CanvasRenderer:
  m_ObjectHideFlags: 0
  m_CorrespondingSourceObject: {fileID: 0}
  m_PrefabInstance: {fileID: 0}
  m_PrefabAsset: {fileID: 0}
  m_GameObject: {fileID: 8177423877104732327}
  m_CullTransparentMesh: 0
--- !u!114 &8177423877104732325
MonoBehaviour:
  m_ObjectHideFlags: 0
  m_CorrespondingSourceObject: {fileID: 0}
  m_PrefabInstance: {fileID: 0}
  m_PrefabAsset: {fileID: 0}
  m_GameObject: {fileID: 8177423877104732327}
  m_Enabled: 1
  m_EditorHideFlags: 0
  m_Script: {fileID: -765806418, guid: f5f67c52d1564df4a8936ccd202a3bd8, type: 3}
  m_Name: 
  m_EditorClassIdentifier: 
  m_Material: {fileID: 0}
  m_Color: {r: 1, g: 1, b: 1, a: 1}
  m_RaycastTarget: 1
  m_OnCullStateChanged:
    m_PersistentCalls:
      m_Calls: []
  m_Sprite: {fileID: 21300000, guid: 1eb98904e2f8ab54e8a325fdc0a8a1f9, type: 3}
  m_Type: 0
  m_PreserveAspect: 0
  m_FillCenter: 1
  m_FillMethod: 4
  m_FillAmount: 1
  m_FillClockwise: 1
  m_FillOrigin: 0
  m_UseSpriteMesh: 0
--- !u!1 &8177423877915567412
GameObject:
  m_ObjectHideFlags: 0
  m_CorrespondingSourceObject: {fileID: 0}
  m_PrefabInstance: {fileID: 0}
  m_PrefabAsset: {fileID: 0}
  serializedVersion: 6
  m_Component:
  - component: {fileID: 8177423877915567419}
  - component: {fileID: 8177423877915567417}
  - component: {fileID: 8177423877915567418}
  - component: {fileID: 8177423877915567416}
  m_Layer: 5
  m_Name: Text
  m_TagString: Untagged
  m_Icon: {fileID: 0}
  m_NavMeshLayer: 0
  m_StaticEditorFlags: 0
  m_IsActive: 1
--- !u!224 &8177423877915567419
RectTransform:
  m_ObjectHideFlags: 0
  m_CorrespondingSourceObject: {fileID: 0}
  m_PrefabInstance: {fileID: 0}
  m_PrefabAsset: {fileID: 0}
  m_GameObject: {fileID: 8177423877915567412}
  m_LocalRotation: {x: 0, y: 0, z: 0, w: 1}
  m_LocalPosition: {x: 0, y: 0, z: 0.103}
  m_LocalScale: {x: 1, y: 1, z: 1}
  m_Children: []
  m_Father: {fileID: 8177423876695352823}
  m_RootOrder: 1
  m_LocalEulerAnglesHint: {x: 0, y: 0, z: 0}
  m_AnchorMin: {x: 0, y: 1}
  m_AnchorMax: {x: 1, y: 1}
  m_AnchoredPosition: {x: 52, y: -30}
  m_SizeDelta: {x: -200, y: 80}
  m_Pivot: {x: 0.5, y: 1}
--- !u!222 &8177423877915567417
CanvasRenderer:
  m_ObjectHideFlags: 0
  m_CorrespondingSourceObject: {fileID: 0}
  m_PrefabInstance: {fileID: 0}
  m_PrefabAsset: {fileID: 0}
  m_GameObject: {fileID: 8177423877915567412}
  m_CullTransparentMesh: 0
--- !u!114 &8177423877915567418
MonoBehaviour:
  m_ObjectHideFlags: 0
  m_CorrespondingSourceObject: {fileID: 0}
  m_PrefabInstance: {fileID: 0}
  m_PrefabAsset: {fileID: 0}
  m_GameObject: {fileID: 8177423877915567412}
  m_Enabled: 1
  m_EditorHideFlags: 0
  m_Script: {fileID: 708705254, guid: f5f67c52d1564df4a8936ccd202a3bd8, type: 3}
  m_Name: 
  m_EditorClassIdentifier: 
  m_Material: {fileID: 0}
  m_Color: {r: 1, g: 1, b: 1, a: 0.759}
  m_RaycastTarget: 1
  m_OnCullStateChanged:
    m_PersistentCalls:
      m_Calls: []
  m_FontData:
    m_Font: {fileID: 12800000, guid: d6f1476f4a343444795c8052cfdc65d4, type: 3}
    m_FontSize: 58
    m_FontStyle: 0
    m_BestFit: 0
    m_MinSize: 10
    m_MaxSize: 58
    m_Alignment: 4
    m_AlignByGeometry: 0
    m_RichText: 1
    m_HorizontalOverflow: 0
    m_VerticalOverflow: 0
    m_LineSpacing: 1
  m_Text: FLOW
--- !u!114 &8177423877915567416
MonoBehaviour:
  m_ObjectHideFlags: 0
  m_CorrespondingSourceObject: {fileID: 0}
  m_PrefabInstance: {fileID: 0}
  m_PrefabAsset: {fileID: 0}
  m_GameObject: {fileID: 8177423877915567412}
  m_Enabled: 1
  m_EditorHideFlags: 0
  m_Script: {fileID: 1573420865, guid: f5f67c52d1564df4a8936ccd202a3bd8, type: 3}
  m_Name: 
  m_EditorClassIdentifier: 
  m_EffectColor: {r: 0, g: 0, b: 0, a: 0.5}
  m_EffectDistance: {x: 4, y: -4}
  m_UseGraphicAlpha: 1
--- !u!1 &8177423877998342158
GameObject:
  m_ObjectHideFlags: 0
  m_CorrespondingSourceObject: {fileID: 0}
  m_PrefabInstance: {fileID: 0}
  m_PrefabAsset: {fileID: 0}
  serializedVersion: 6
  m_Component:
  - component: {fileID: 8177423877998342157}
  - component: {fileID: 8177423877998342156}
  - component: {fileID: 8177423877998342163}
  - component: {fileID: 8177423877998342162}
  - component: {fileID: 8177423877998342161}
  - component: {fileID: 8177423877998342160}
  m_Layer: 5
  m_Name: flow
  m_TagString: Untagged
  m_Icon: {fileID: 0}
  m_NavMeshLayer: 0
  m_StaticEditorFlags: 0
  m_IsActive: 1
--- !u!224 &8177423877998342157
RectTransform:
  m_ObjectHideFlags: 0
  m_CorrespondingSourceObject: {fileID: 0}
  m_PrefabInstance: {fileID: 0}
  m_PrefabAsset: {fileID: 0}
  m_GameObject: {fileID: 8177423877998342158}
  m_LocalRotation: {x: -0, y: -0, z: -0, w: 1}
  m_LocalPosition: {x: 0, y: 0, z: 0}
  m_LocalScale: {x: 0.9, y: 0.9, z: 1}
  m_Children: []
  m_Father: {fileID: 8177423876695352823}
  m_RootOrder: 2
  m_LocalEulerAnglesHint: {x: 0, y: 0, z: 0}
  m_AnchorMin: {x: 0, y: 0}
  m_AnchorMax: {x: 1, y: 1}
  m_AnchoredPosition: {x: 20, y: -31.750008}
  m_SizeDelta: {x: -220, y: -152.1}
  m_Pivot: {x: 0.5, y: 0.5}
--- !u!114 &8177423877998342156
MonoBehaviour:
  m_ObjectHideFlags: 0
  m_CorrespondingSourceObject: {fileID: 0}
  m_PrefabInstance: {fileID: 0}
  m_PrefabAsset: {fileID: 0}
  m_GameObject: {fileID: 8177423877998342158}
  m_Enabled: 1
  m_EditorHideFlags: 0
  m_Script: {fileID: 11500000, guid: b652978617146ea49983ac4601def914, type: 3}
  m_Name: 
  m_EditorClassIdentifier: 
  mPreviewObject: {fileID: 0}
  OnRedraw:
    m_PersistentCalls:
      m_Calls: []
  keepOrthoSize: 0
  paperEffectText: 0
  vRSpaceText: 0
  vRSpaceScale: 0.1
  maintainLabelSize: 0
  autoScrollHorizontally: 1
  horizontalScrolling: 0
  autoScrollVertically: 0
  verticalScrolling: 0
  raycastTarget: 1
  MousePan:
    m_PersistentCalls:
      m_Calls: []
  horizontalPanning: 0
  verticalPanning: 0
  heightRatio: 153.9
  widthRatio: 676
  PointClicked:
    m_PersistentCalls:
      m_Calls: []
  PointHovered:
    m_PersistentCalls:
      m_Calls: []
  NonHovered:
    m_PersistentCalls:
      m_Calls: []
  itemFormat: <?x>:<?y>
  Data:
    automaticVerticalViewGap: 1
    automaticVerticallView: 1
    automaticcHorizontaViewGap: 0
    automaticHorizontalView: 0
    horizontalViewSize: 10
    horizontalViewOrigin: 0
    verticalViewSize: 10
    verticalViewOrigin: 0
    mSerializedData:
    - Name: flow
      InitialData: []
      IsBezierCurve: 0
      SegmentsPerCurve: 10
      Depth: 0
      LineHoverPrefab: {fileID: 11494010, guid: 8ebeaa4955a089c4cb158487ac684ee1,
        type: 3}
      PointHoverPrefab: {fileID: 11475216, guid: 78274e2387f53cc4a964ff5f17369d72,
        type: 3}
      LinePrefab: {fileID: 0}
      Material: {fileID: 2100000, guid: df6233e1a89483b4293f79ea6aa723d3, type: 2}
      LineTiling:
        EnableTiling: 0
        TileFactor: 45.5
      FillPrefab: {fileID: 0}
      InnerFill: {fileID: 0}
      LineThickness: 5
      StetchFill: 1
      DotPrefab: {fileID: 0}
      PointMaterial: {fileID: 2100000, guid: 9843dc986d4eb53498e98084e7fee1ed, type: 2}
      PointSize: 12
      ViewOrder: 0
      AllowNonFunctionsBeta: 0
    - Name: flowd
      InitialData: []
      IsBezierCurve: 0
      SegmentsPerCurve: 10
      Depth: 0
      LineHoverPrefab: {fileID: 11494010, guid: 8ebeaa4955a089c4cb158487ac684ee1,
        type: 3}
      PointHoverPrefab: {fileID: 11475216, guid: 78274e2387f53cc4a964ff5f17369d72,
        type: 3}
      LinePrefab: {fileID: 0}
      Material: {fileID: 2100000, guid: 50d6dbeed00cc22498d59f2d377663a1, type: 2}
      LineTiling:
        EnableTiling: 0
        TileFactor: 45.5
      FillPrefab: {fileID: 0}
      InnerFill: {fileID: 0}
      LineThickness: 5
      StetchFill: 1
      DotPrefab: {fileID: 0}
      PointMaterial: {fileID: 2100000, guid: 9843dc986d4eb53498e98084e7fee1ed, type: 2}
      PointSize: 12
      ViewOrder: 1
      AllowNonFunctionsBeta: 0
  LineClicked:
    m_PersistentCalls:
      m_Calls: []
  LineHovered:
    m_PersistentCalls:
      m_Calls: []
  fitToContainer: 0
  fitMargin:
    left: 0
    top: 0
    right: 0
    bottom: 0
--- !u!114 &8177423877998342163
MonoBehaviour:
  m_ObjectHideFlags: 0
  m_CorrespondingSourceObject: {fileID: 0}
  m_PrefabInstance: {fileID: 0}
  m_PrefabAsset: {fileID: 0}
  m_GameObject: {fileID: 8177423877998342158}
  m_Enabled: 1
  m_EditorHideFlags: 0
  m_Script: {fileID: 11500000, guid: 7598682dc3bb9174d9546fe226cab95a, type: 3}
  m_Name: 
  m_EditorClassIdentifier: 
  SimpleView: 1
  format: 0
  depth:
    Automatic: 0
    Value: 0
  mainDivisions:
    messure: 0
    unitsPerDivision: 0
    total: 1
    material: {fileID: 2100000, guid: bdb13d53e3b6bb549950dfa33b36f965, type: 2}
    materialTiling:
      EnableTiling: 1
      TileFactor: 10
    markBackLength:
      Automatic: 1
      Value: 0.5
    markLength:
      Automatic: 1
      Value: 0.5
    markDepth:
      Automatic: 1
      Value: 0.5
    markThickness: 2
    textPrefab: {fileID: 114000012995897278, guid: fa8a37cac60da9c41b8aa59bfd823fcd,
      type: 3}
    textPrefix: 
    textSuffix: 
    fractionDigits: 0
    fontSize: 36
    fontSharpness: 3
    textDepth: 0
    textSeperation: -44.53
    alignment: 1
  subDivisions:
    messure: 0
    unitsPerDivision: 0
    total: 2
    material: {fileID: 2100000, guid: bdb13d53e3b6bb549950dfa33b36f965, type: 2}
    materialTiling:
      EnableTiling: 1
      TileFactor: 10
    markBackLength:
      Automatic: 1
      Value: 0.5
    markLength:
      Automatic: 1
      Value: 0.5
    markDepth:
      Automatic: 1
      Value: 0.5
    markThickness: 2
    textPrefab: {fileID: 114000012995897278, guid: fa8a37cac60da9c41b8aa59bfd823fcd,
      type: 3}
    textPrefix: 
    textSuffix: 
    fractionDigits: 0
    fontSize: 36
    fontSharpness: 3
    textDepth: 0
    textSeperation: -44.53
    alignment: 1
--- !u!114 &8177423877998342162
MonoBehaviour:
  m_ObjectHideFlags: 0
  m_CorrespondingSourceObject: {fileID: 0}
  m_PrefabInstance: {fileID: 0}
  m_PrefabAsset: {fileID: 0}
  m_GameObject: {fileID: 8177423877998342158}
  m_Enabled: 1
  m_EditorHideFlags: 0
  m_Script: {fileID: 11500000, guid: 08395b16192f9114e8ad4953e48f90bd, type: 3}
  m_Name: 
  m_EditorClassIdentifier: 
  SimpleView: 1
  format: 1
  depth:
    Automatic: 0
    Value: 0
  mainDivisions:
    messure: 0
    unitsPerDivision: 0
    total: 3
    material: {fileID: 2100000, guid: bdb13d53e3b6bb549950dfa33b36f965, type: 2}
    materialTiling:
      EnableTiling: 1
      TileFactor: 11.52
    markBackLength:
      Automatic: 1
      Value: 0.5
    markLength:
      Automatic: 1
      Value: 0.5
    markDepth:
      Automatic: 1
      Value: 0.5
    markThickness: 2
    textPrefab: {fileID: 114000012995897278, guid: fa8a37cac60da9c41b8aa59bfd823fcd,
      type: 3}
    textPrefix: 
    textSuffix: 
    fractionDigits: 0
    fontSize: 11
    fontSharpness: 3
    textDepth: 0
    textSeperation: -17.28
    alignment: 2
  subDivisions:
    messure: 0
    unitsPerDivision: 0
    total: 3
    material: {fileID: 2100000, guid: bdb13d53e3b6bb549950dfa33b36f965, type: 2}
    materialTiling:
      EnableTiling: 1
      TileFactor: 11.52
    markBackLength:
      Automatic: 1
      Value: 0.5
    markLength:
      Automatic: 1
      Value: 0.5
    markDepth:
      Automatic: 1
      Value: 0.5
    markThickness: 2
    textPrefab: {fileID: 114000012995897278, guid: fa8a37cac60da9c41b8aa59bfd823fcd,
      type: 3}
    textPrefix: 
    textSuffix: 
    fractionDigits: 0
    fontSize: 11
    fontSharpness: 3
    textDepth: 0
    textSeperation: -17.28
    alignment: 2
--- !u!114 &8177423877998342161
MonoBehaviour:
  m_ObjectHideFlags: 0
  m_CorrespondingSourceObject: {fileID: 0}
  m_PrefabInstance: {fileID: 0}
  m_PrefabAsset: {fileID: 0}
  m_GameObject: {fileID: 8177423877998342158}
  m_Enabled: 1
  m_EditorHideFlags: 0
  m_Script: {fileID: 11500000, guid: 70c1abbbcf5655346b75bc72dd74a703, type: 3}
  m_Name: 
  m_EditorClassIdentifier: 
  AnimationTime: 3
  ModifyRange: 1
--- !u!114 &8177423877998342160
MonoBehaviour:
  m_ObjectHideFlags: 0
  m_CorrespondingSourceObject: {fileID: 0}
  m_PrefabInstance: {fileID: 0}
  m_PrefabAsset: {fileID: 0}
  m_GameObject: {fileID: 8177423877998342158}
  m_Enabled: 0
  m_EditorHideFlags: 0
  m_Script: {fileID: 11500000, guid: 5eb3e26fd06b41d4baa022120f5cd617, type: 3}
  m_Name: 
  m_EditorClassIdentifier: 
  textPrefab: {fileID: 114000011523374616, guid: e686e7c904b1d4b44a8eae8475c67797,
    type: 3}
  textFormat:
    prefix: 
    suffix: 
  fontSize: 14
  fontSharpness: 1
  seperation: 21.9
  location:
    Breadth: 0
    Depth: 0
  alignment: 0
  fractionDigits: 0
--- !u!1001 &5908384285185809874
PrefabInstance:
  m_ObjectHideFlags: 0
  serializedVersion: 2
  m_Modification:
    m_TransformParent: {fileID: 8177423876695352823}
    m_Modifications:
    - target: {fileID: 1000012050335254, guid: 44c162440cb5f1842bcb040f8fb66783, type: 3}
      propertyPath: m_Name
      value: Legend
      objectReference: {fileID: 0}
    - target: {fileID: 1000012050335254, guid: 44c162440cb5f1842bcb040f8fb66783, type: 3}
      propertyPath: m_IsActive
      value: 1
      objectReference: {fileID: 0}
    - target: {fileID: 114000010632634250, guid: 44c162440cb5f1842bcb040f8fb66783,
        type: 3}
      propertyPath: m_Enabled
      value: 1
      objectReference: {fileID: 0}
    - target: {fileID: 114000011953285840, guid: 44c162440cb5f1842bcb040f8fb66783,
        type: 3}
      propertyPath: fontSize
      value: 14
      objectReference: {fileID: 0}
    - target: {fileID: 114000011953285840, guid: 44c162440cb5f1842bcb040f8fb66783,
        type: 3}
      propertyPath: chart
      value: 
      objectReference: {fileID: 8177423877998342156}
    - target: {fileID: 114000011953285840, guid: 44c162440cb5f1842bcb040f8fb66783,
        type: 3}
      propertyPath: m_Enabled
      value: 1
      objectReference: {fileID: 0}
    - target: {fileID: 114000011953285840, guid: 44c162440cb5f1842bcb040f8fb66783,
        type: 3}
      propertyPath: legendItemPrefab
      value: 
      objectReference: {fileID: 114000012660670322, guid: 4d348c9ef60a91d46b5ddb129e55eec6,
        type: 3}
    - target: {fileID: 114000012253675810, guid: 44c162440cb5f1842bcb040f8fb66783,
        type: 3}
      propertyPath: m_Color.r
      value: 1
      objectReference: {fileID: 0}
    - target: {fileID: 114000012253675810, guid: 44c162440cb5f1842bcb040f8fb66783,
        type: 3}
      propertyPath: m_Color.g
      value: 1
      objectReference: {fileID: 0}
    - target: {fileID: 114000012253675810, guid: 44c162440cb5f1842bcb040f8fb66783,
        type: 3}
      propertyPath: m_Color.b
      value: 1
      objectReference: {fileID: 0}
    - target: {fileID: 114000012253675810, guid: 44c162440cb5f1842bcb040f8fb66783,
        type: 3}
      propertyPath: m_Color.a
      value: 0.8392157
      objectReference: {fileID: 0}
    - target: {fileID: 224000013311149932, guid: 44c162440cb5f1842bcb040f8fb66783,
        type: 3}
      propertyPath: m_LocalPosition.x
      value: 0
      objectReference: {fileID: 0}
    - target: {fileID: 224000013311149932, guid: 44c162440cb5f1842bcb040f8fb66783,
        type: 3}
      propertyPath: m_LocalPosition.y
      value: 0
      objectReference: {fileID: 0}
    - target: {fileID: 224000013311149932, guid: 44c162440cb5f1842bcb040f8fb66783,
        type: 3}
      propertyPath: m_LocalPosition.z
      value: 0
      objectReference: {fileID: 0}
    - target: {fileID: 224000013311149932, guid: 44c162440cb5f1842bcb040f8fb66783,
        type: 3}
      propertyPath: m_LocalRotation.x
      value: -0
      objectReference: {fileID: 0}
    - target: {fileID: 224000013311149932, guid: 44c162440cb5f1842bcb040f8fb66783,
        type: 3}
      propertyPath: m_LocalRotation.y
      value: 0.86602545
      objectReference: {fileID: 0}
    - target: {fileID: 224000013311149932, guid: 44c162440cb5f1842bcb040f8fb66783,
        type: 3}
      propertyPath: m_LocalRotation.z
      value: -0
      objectReference: {fileID: 0}
    - target: {fileID: 224000013311149932, guid: 44c162440cb5f1842bcb040f8fb66783,
        type: 3}
      propertyPath: m_LocalRotation.w
      value: 0.49999994
      objectReference: {fileID: 0}
    - target: {fileID: 224000013311149932, guid: 44c162440cb5f1842bcb040f8fb66783,
        type: 3}
      propertyPath: m_RootOrder
      value: 3
      objectReference: {fileID: 0}
    - target: {fileID: 224000013311149932, guid: 44c162440cb5f1842bcb040f8fb66783,
        type: 3}
      propertyPath: m_LocalEulerAnglesHint.x
      value: 0
      objectReference: {fileID: 0}
    - target: {fileID: 224000013311149932, guid: 44c162440cb5f1842bcb040f8fb66783,
        type: 3}
      propertyPath: m_LocalEulerAnglesHint.y
      value: 0
      objectReference: {fileID: 0}
    - target: {fileID: 224000013311149932, guid: 44c162440cb5f1842bcb040f8fb66783,
        type: 3}
      propertyPath: m_LocalEulerAnglesHint.z
      value: 0
      objectReference: {fileID: 0}
    - target: {fileID: 224000013311149932, guid: 44c162440cb5f1842bcb040f8fb66783,
        type: 3}
      propertyPath: m_AnchoredPosition.x
      value: 690
      objectReference: {fileID: 0}
    - target: {fileID: 224000013311149932, guid: 44c162440cb5f1842bcb040f8fb66783,
        type: 3}
      propertyPath: m_AnchoredPosition.y
      value: 203
      objectReference: {fileID: 0}
    - target: {fileID: 224000013311149932, guid: 44c162440cb5f1842bcb040f8fb66783,
        type: 3}
      propertyPath: m_SizeDelta.x
      value: 126
      objectReference: {fileID: 0}
    - target: {fileID: 224000013311149932, guid: 44c162440cb5f1842bcb040f8fb66783,
        type: 3}
      propertyPath: m_SizeDelta.y
      value: 40
      objectReference: {fileID: 0}
    - target: {fileID: 224000013311149932, guid: 44c162440cb5f1842bcb040f8fb66783,
        type: 3}
      propertyPath: m_AnchorMin.x
      value: 0
      objectReference: {fileID: 0}
    - target: {fileID: 224000013311149932, guid: 44c162440cb5f1842bcb040f8fb66783,
        type: 3}
      propertyPath: m_AnchorMin.y
      value: 0
      objectReference: {fileID: 0}
    - target: {fileID: 224000013311149932, guid: 44c162440cb5f1842bcb040f8fb66783,
        type: 3}
      propertyPath: m_AnchorMax.x
      value: 0
      objectReference: {fileID: 0}
    - target: {fileID: 224000013311149932, guid: 44c162440cb5f1842bcb040f8fb66783,
        type: 3}
      propertyPath: m_AnchorMax.y
      value: 0
      objectReference: {fileID: 0}
    - target: {fileID: 224000013311149932, guid: 44c162440cb5f1842bcb040f8fb66783,
        type: 3}
      propertyPath: m_Pivot.x
      value: 0
      objectReference: {fileID: 0}
    - target: {fileID: 224000013311149932, guid: 44c162440cb5f1842bcb040f8fb66783,
        type: 3}
      propertyPath: m_Pivot.y
      value: 0
      objectReference: {fileID: 0}
    - target: {fileID: 224000013311149932, guid: 44c162440cb5f1842bcb040f8fb66783,
        type: 3}
      propertyPath: m_LocalScale.x
      value: -3.101812
      objectReference: {fileID: 0}
    - target: {fileID: 224000013311149932, guid: 44c162440cb5f1842bcb040f8fb66783,
        type: 3}
      propertyPath: m_LocalScale.y
      value: 1.6215456
      objectReference: {fileID: 0}
    - target: {fileID: 224000013311149932, guid: 44c162440cb5f1842bcb040f8fb66783,
        type: 3}
      propertyPath: m_LocalScale.z
      value: 0
      objectReference: {fileID: 0}
    m_RemovedComponents: []
  m_SourcePrefab: {fileID: 100100000, guid: 44c162440cb5f1842bcb040f8fb66783, type: 3}
--- !u!1 &5907950533435988932 stripped
GameObject:
  m_CorrespondingSourceObject: {fileID: 1000012050335254, guid: 44c162440cb5f1842bcb040f8fb66783,
    type: 3}
  m_PrefabInstance: {fileID: 5908384285185809874}
  m_PrefabAsset: {fileID: 0}
--- !u!224 &5973183673348397758 stripped
RectTransform:
  m_CorrespondingSourceObject: {fileID: 224000013311149932, guid: 44c162440cb5f1842bcb040f8fb66783,
    type: 3}
  m_PrefabInstance: {fileID: 5908384285185809874}
  m_PrefabAsset: {fileID: 0}
